@article{bjorklund03,
  author    = {Andreas Bj{\"o}rklund and
               Thore Husfeldt and
               Sanjeev Khanna},
  title     = {Approximating Longest Directed Path},
  journal   = {Electronic Colloquium on Computational Complexity (ECCC)},
  volume    = {10},
  year      = {2003},
  ee        = {ftp://ftp.eccc.uni-trier.de/pub/eccc/reports/2003/TR03-032/index.html},
}

@Article{Cohen01,
author = "Cohen, E and Datar, M and Fujiwara, S and Gionis, A and Indyk, P and Motwani, R and Ullman, J D and Yang, C",
title = {Finding Interesting Associations without Support Pruning},
journal = "IEEE Trans Knowl Data Eng",
year = "2001",
volume = "13",
pages = "64-78"
}

@Article{Haveliwala00,
author = "Haveliwala, T H and Gionis, A and Indyk, P",
title = {Scalable Techniques for Clustering the Web},
journal = "WebDB 2000",
year = "2000",
pages = "129-134"
}

@article{karger97,
  author    = {David R. Karger and
               Rajeev Motwani and
               G. D. S. Ramkumar},
  title     = {On Approximating the Longest Path in a Graph.},
  journal   = {Algorithmica},
  volume    = {18},
  year      = {1997},
  pages     = {82-98},
}

@article{viterbi67,
  author    = {Viterbi A.},
  title     = {Error bounds for convolutional codes and an asymptotically optimum decoding algorithm},
  journal   = {IEEE Transactions on Information Theory},
  volume    = {13},
  year      = {1967},
  pages     = {260-269},
}
