@comment{Proteomics}
@article{Duncan:2010,
  author={Duncan, Mark W and Aebersold, Ruedi and Caprioli, Richard M},
  title={The pros And cons of peptide-centric proteomics},
  journal={Nat. Biotechnol.},
  year={2010},
  volume={28},
  numberOPT={7},
  pages={659--664},
  publisherOPT={Nature Publishing Group}
}

@article{Bell:2009,
  author = {Bell, Alexander W and Deutsch, Eric W and Au, Catherine E and  Kearney, Robert E and Beavis, Ron and Sechi, Salvatore and Nilsson, Tommy and Bergeron, John J M},
  title = {A HUPO test sample study reveals common problems in mass spectrometry-based proteomics},
  journal = {Nat. Meth.},
  year = {2009},
  monthOPT = {June},
  volume = {6},
  issue = {6},
  pages = {423--430},
  publisherOPT = {Nature Publishing Group},
  url = {http://dx.doi.org/10.1038/nmeth.1333}
}

@article{Gupta:2011,
  author = {Gupta, N and Bandeira, N and Keich, U and Pevzner, P A},
  title = {Target-decoy approach and false discovery rate: when things may go wrong},
  journal = {J. Am. Soc. Mass Spectrom.},
  year = {2011},
  volume = {22},
  pages = {1111--1120}
}

@article{Na:2010,
author = "Na, S. and Bandeira, N. and Paek, E.",
title = "{Fast multi-blind modification search through tandem mass spectrometry}",
journal = "Mol Cell Proteomics",
year = "2011",
volume = "11",
pages = "10.1074/mcp.M111.010199"
}

@misc{MCP,
  author={{Molecular \& Cellular Proteomics (MCP)}},
  title={Revised Publication Guidelines for Documenting the Identification and Quantification of Peptides, Proteins, and Post-Translational Modifications by Mass Spectrometry Page 1},
  howpublished= {\url{http://mcponline.org/site/misc/PhialdelphiaGuidelinesFINALDRAFT.pdf}}
}

@article{Tabb:2007,
  author = {Tabb, David L. and Fernando, Christopher G. and Chambers, Matthew C.},
  title = {MyriMatch: Highly Accurate Tandem Mass Spectral Peptide Identification by Multivariate Hypergeometric Analysis},
  journal = {Journal of Proteome Research},
  volume = {6},
  pages = {654-661},
  year = {2007}
}

@article{Kessner:2008,
  author = {Kessner, D and Chambers, M and Burke, R and Agus, D and Mallick, P},
  title = {ProteoWizard: open source software for rapid proteomics tools development},
  abstract = {SUMMARY: The ProteoWizard software project provides a modular and extensible set of open-source, cross-platform tools and libraries. The tools perform proteomics data analyses; the libraries enable rapid tool creation by providing a robust, pluggable development framework that simplifies and unifies data file access, and performs standard proteomics and LCMS dataset computations. The library contains readers and writers of the mzML data format, which has been written using modern C++ techniques and design principles and supports a variety of platforms with native compilers. The software has been specifically released under the Apache v2 license to ensure it can be used in both academic and commercial projects. In addition to the library, we also introduce a rapidly growing set of companion tools whose implementation helps to illustrate the simplicity of developing applications on top of the ProteoWizard library. AVAILABILITY: Cross-platform software that compiles using native compilers (i.e. GCC on Linux, MSVC on Windows and XCode on OSX) is available for download free of charge, at http://proteowizard.sourceforge.net. This website also provides code examples, and documentation. It is our hope the ProteoWizard project will become a standard platform for proteomics development; consequently, code use, contribution and further development are strongly encouraged.},
  journal = {Bioinformatics},
  year = {2008},
  volume = {24},
  pages = {2534-2536},
  pmidOPT = {18606607},
  url = {http://www.hubmed.org/display.cgi?uids=18606607},
  doi = {10.1093/bioinformatics/btn323}
}

@article{Shteynberg:2011,
   Author="Shteynberg, D.  and Deutsch, E. W.  and Lam, H.  and Eng, J. K.  and Sun, Z.  and Tasman, N.  and Mendoza, L.  and Moritz, R. L.  and Aebersold, R.  and Nesvizhskii, A. I. ",
   Title="{i{P}rophet: multi-level integrative analysis of shotgun proteomic data improves peptide and protein identification rates and error estimates}",
   Journal="Mol. Cell Proteomics",
   Year="2011",
   Volume="10",
   Pages="M111.007690"
}

@article{Spivak:2009,
  author = {Spivak, M and Weston, J and Bottou, L and K{\"a}ll, L and Noble, W S},
  title = {Improvements to the percolator algorithm for Peptide identification from shotgun proteomics data sets},
  abstract = {Shotgun proteomics coupled with database search software allows the identification of a large numberOPT of peptides in a single experiment. However, some existing search algorithms, such as SEQUEST, use score functions that are designed primarily to identify the best peptide for a given spectrum. Consequently, when comparing identifications across spectra, the SEQUEST score function Xcorr fails to discriminate accurately between correct and incorrect peptide identifications. Several machine learning methods have been proposed to address the resulting classification task of distinguishing between correct and incorrect peptide-spectrum matches (PSMs). A recent example is Percolator, which uses semisupervised learning and a decoy database search strategy to learn to distinguish between correct and incorrect PSMs identified by a database search algorithm. The current work describes three improvements to Percolator. (1) Percolator's heuristic optimization is replaced with a clear objective function, with intuitive reasons behind its choice. (2) Tractable nonlinear models are used instead of linear models, leading to improved accuracy over the original Percolator. (3) A method, Q-ranker, for directly optimizing the numberOPT of identified spectra at a specified q value is proposed, which achieves further gains.},
  journal = {J Proteome Res},
  year = {2009},
  volume = {8},
  pages = {3737-3745},
  pmidOPT = {19385687},
  url = {http://www.hubmed.org/display.cgi?uids=19385687},
  doi = {10.1021/pr801109k}
}

@book{Stein:2010,
  editor =       {Stein, SE and Rudnick, PA},
  TITLE =        {NIST Peptide Tandem Mass Spectral Libraries. Human Peptide Mass Spectral Reference Data, H. sapiens, ion trap, Official Build Date: Feb. 4, 2009.},
  publisher =    {National Institute of Standards and Technology},
  YEAR =         {2010},
  url = {http://peptide.nist.gov},
}

@article{Clark:2010,
  author = {Clark, Michael James AND Homer, Nils AND O'Connor, Brian D. AND Chen, Zugen AND Eskin, Ascia AND Lee, Hane AND Merriman, Barry AND Nelson, Stanley F.},
  title={{U87MG} Decoded: The Genomic Sequence of a Cytogenetically Aberrant Human Cancer Cell Line},
  journal={PLoS Genet.},
  publisherOPT={Public Library of Science},
  editor={Horwitz, Marshall SEditor},
  year={2010},
  pages = {e1000832},
  volume={6},
  numberOPT={1},
  url={http://www.ncbi.nlm.nih.gov/pubmed/20126413},
}

@comment{PepNovo, MS-Cluster, SpectraArchives}
@article{Frank:2005,
  author={Ari Frank and Pavel Pevzner},
  title={{PepNovo}: {De Novo} peptide sequencing via probabilistic network modeling},
  journal={Anal. Chem.},
  year={2005},
  volume={77},
  numberOPT={4},
  pages={964--973},
  DOI={10.1021/ac048788h},
  publisherOPT={American Chemical Society},
}

@article{Frank:2007,
  author={Ari M. Frank and Mikhail M. Savitski and Michael L. Nielsen and Roman A. Zubarev and Pavel A. Pevzner},
  title={{De Novo} peptide sequencing and identification with precision mass spectrometry},
  journal={J. Proteome Res.},
  year={2007},
  volume={6},
  numberOPT={1},
  pages={114--123},
  DOI={10.1021/pr060271u},
  publisherOPT={American Chemical Society}
}

@article{Frank:2009,
  author={Ari M. Frank},
  title={Ranking-based scoring models for peptide-spectrum matches},
  journal={J. Proteome Res.},
  year={2009},
  volume={8},
  numberOPT={5},
  pages={2241--2252},
  DOI={10.1021/pr800678b},
  publisherOPT={American Chemical Society}
}

@article{Frank:2011,
author = "Frank, A M and Monroe, M E and Shah, A R and Carver, J J and Bandeira, N and Moore, R J and Anderson, G A and Smith, R D and Pevzner, P A",
title = {Spectral archives: extending spectral libraries to analyze both identified and unidentified spectra},
abstract = {Tandem mass spectrometry (MS/MS) experiments yield multiple, nearly identical spectra of the same peptide in various laboratories, but proteomics researchers typically do not leverage the unidentified spectra produced in other labs to decode spectra they generate. We propose a spectral archives approach that clusters MS/MS datasets, representing similar spectra by a single consensus spectrum. Spectral archives extend spectral libraries by analyzing both identified and unidentified spectra in the same way and maintaining information about peptide spectra that are common across species and conditions. Thus archives offer both traditional library spectrum similarity-based search capabilities along with new ways to analyze the data. By developing a clustering tool, MS-Cluster, we generated a spectral archive from ?1.18 billion spectra that greatly exceeds the size of existing spectral repositories. We advocate that publicly available data should be organized into spectral archives rather than be analyzed as disparate datasets, as is mostly the case today.},
journal = "Nat Methods",
year = "2011",
volume = "8",
pages = "587-591"
}

@article{Frank:2008,
  author={Ari M. Frank and Nuno Bandeira and Zhouxin Shen and Stephen Tanner and Steven P. Briggs and Richard D. Smith and Pavel A. Pevzner},
  title={Clustering millions of tandem mass spectra},
  journal={J. Proteome Res.},
  year={2008},
  volume={7},
  numberOPT={1},
  pages={113--122},
  DOI={10.1021/pr070361e},
  publisherOPT={American Chemical Society}
}

@article{Dancik:1999,
  author={Danc\'{i}k, V and Addona, T. A. and Clauser, K. R. and Vath J. E. and Pevzner P. A.},
  title={{De Novo} peptide sequencing via tandem mass spectrometry},
  journal={J. Comp. Biol.},
  year={1999},
  volume={3},
  numberOPT={3--4},
  pages={327--342}
}

@article {Beer:2004,
  author = {Beer, Ilan and Barnea, Eilon and Ziv, Tamar and Admon, Arie},
  title = {Improving large-scale proteomics by clustering of mass spectrometry data},
  journal = {PROTEOMICS},
  volume = {4},
  numberOPT = {4},
  publisherOPT = {WILEY-VCH Verlag},
  issn = {1615-9861},
  url = {http://dx.doi.org/10.1002/pmic.200300652},
  doi = {10.1002/pmic.200300652},
  pages = {950--960},
  keywords = {Clustering, Peptides, Tandem mass spectrometry},
  year = {2004},
}

@article{Tabb:2003,
  author = {Tabb, David L. and MacCoss, Michael J. and Wu, Christine C. and Anderson, Scott D. and Yates, John R.},
  title = {Similarity among Tandem Mass Spectra from Proteomic Experiments: Detection, Significance, and Utility},
  journal = {Analytical Chemistry},
  volume = {75},
  numberOPT = {10},
  pages = {2470-2477},
  year = {2003},
  doi = {10.1021/ac026424o},
  note ={pmidOPT: 12918992},
  URL = {http://pubs.acs.org/doi/abs/10.1021/ac026424o},
  eprint = {http://pubs.acs.org/doi/pdf/10.1021/ac026424o}
}

@article{Tabb:2005,
  title = {{MS2Grouper}: Group Assessment and Synthetic Replacement of Duplicate Proteomic Tandem Mass Spectra},
  journal = {Journal of the American Society for Mass Spectrometry},
  volume = {16},
  numberOPT = {8},
  pages = {1250 - 1261},
  year = {2005},
  issn = {1044-0305},
  doi = {10.1016/j.jasms.2005.04.010},
  url = {http://www.sciencedirect.com/science/article/pii/S1044030505003508},
  author = {David L. Tabb and Melissa R. Thompson and Gurusahai Khalsa-Moyers and Nathan C. VerBerkmoes and W. Hayes McDonald}
}

@comment{MSGF, Spectral Dictionaries, MS-GFDB}
@article{Elias:2007,
  author={Joshua E Elias and Steven P Gygi},
  title={Target-decoy search strategy for increased confidence in large-scale protein identifications by mass spectrometry},
  journal={Nat. Methods},
  year={2007},
  volume={4},
  pages={207--214},
  DOI={10.1038/nmeth1019},
  publisherOPT={Nature Publishing Group}
}

@article{Kim:2008,
  author={Sangtae Kim and Nitin Gupta and Pavel A. Pevzner},
  title={Spectral probabilities and generating functions of tandem mass spectra: a strike against decoy databases},
  journal={J. Proteome Res.},
  year={2008},
  volume={7},
  numberOPT={8},
  pages={3354--3363},
  DOI={10.1021/pr8001244},
  publisherOPT={American Chemical Society}
}

@article{Kim:2009,
  author={Kim, Sangtae and Gupta, Nitin and Bandeira, Nuno and Pevzner, Pavel A.},
  title={Spectral dictionaries: integrating {De Novo} peptide sequencing with database search of tandem mass spectra},
  journal={Mol. Cell. Proteomics},
  year={2009},
  volume={8},
  numberOPT={1},
  pages={53--69},
  publisherOPT={American Society for Biochemistry and Molecular Biology}
}

@article{Kim:2010,
  author={Sangtae Kim and Nikolai Mischerikow and Nuno Bandeira and J. Daniel Navarro and Louis Wich and Shabaz Mohammed and Albert J. R. Heck and Pavel A. Pevzner},
  title={The generating function of {CID}, {ETD} and {CID/ETD} pairs of tandem mass spectra: applications to database search},
  journal={Mol. Cell. Proteomics},
  year={2010},
  volume={9},
  numberOPT={12},
  pages={2840--2852},
  publisherOPT={American Society for Biochemistry and Molecular Biology}
}

@article{Fenyo:2003,
  author = {Feny\"{o}, David and Beavis, Ronald C.},
  title = {A Method for Assessing the Statistical Significance of Mass Spectrometry-Based Protein Identifications Using General Scoring Schemes},
  journal = {Anal. Chem.},
  volume = {75},
  numberOPT = {4},
  pages = {768-774},
  year = {2003}
}

@comment{InsPecT}
@article{Tanner:2005,
  author={Tanner, S and Shu, H and Frank, A and Wang, L. C. and Zandi, E. and Mumby, M. and Pevzner, P. A. and Bafna, V.},
  title={{InsPecT}: identification of posttranslationally modified peptides from tandem mass spectra},
  journal={Anal. Chem.},
  year={2005},
  volume={77},
  numberOPT={14},
  pages={4626--4639},
  publisherOPT={Nature Publishing Group}
}

@article{Tsur:2005,
  author={Dekel Tsur and Stephen Tanner and Ebrahim Zandi and Vineet Bafna and Pavel A Pevzner},
  title={Identification of post-translational modifications by blind search of mass spectra},
  journal={Nat. Biotech.},
  year={2005},
  volume={23},
  numberOPT={12},
  pages={1562--1567},
}

@article{Tanner:2008,
  author={Stephen Tanner and Samuel H. Payne and  Surendra Dasari and  Zhouxin Shen and Phillip A. Wilmarth and  Larry L. David and William F. Loomis and Steven P. Briggs and Vineet Bafna},
  title={Accurate annotation of peptide modifications through unrestrictive database search},
  journal={J. Proteome Res.},
  volume={7},
  numberOPT={1},
  year={2008},
  pages={170--181}
}

@article{Zieske:2006,
  author={Lynn R. Zieske},
  title={A perspective on the use of iTRAQ reagent technology for protein complex and profiling studies},
  journal={J. Exp. Bot.},
  volume={57},
  numberOPT={7},
  year={2006},
  pages={1501--1508}
}

@article{Tanner:2007,
  author={Stephen Tanner and Zhouxin Shen and Julio Ng and Liliana Florea and Roderic Guig\'{o} and Steven P. Briggs and Vineet Bafna},
  title={Improving gene annotation using peptide mass spectrometry},
  journal={Genome Res.},
  volume={17},
  numberOPT={2},
  year={2007},
  pages={231-239}
}

@comment{Proteogenomics}
@article{Castellana:2010,
  author={Natalie E. Castellana and Vineet Bafna},
  title={Proteogenomics to discover the full coding content of genomes: a computational perspective},
  journal={J. Proteomics},
  year={2010},
  monthOPT={Oct},
  volume={73},
  numberOPT={11},
  pages={2124-2135},
}

@article{Castellana:2008,
  author={Natalie E. Castellana and Samuel H. Payne and Zhouxin Shen and Mario Stanke Vineet Bafna and Steven P. Briggs},
  title={Discovery and revision of Arabidopsis genes by proteogenomics},
  journal={Proc. Natl. Acad. Sci. U.S.A.},
  volume={105},
  numberOPT={52},
  year={2008},
  pages={21034--21038.}
}

@article{Stanke:2006,
  author={Mario Stanke and Oliver Keller and Irfan Gunduz and Alec Hayes and Stephan Waack and Burkhard Morgenstern},
  title={{AUGUSTUS}: ab initio prediction of alternative transcripts},
  journal={Nuc. Acids Res.},
  volume={34},
  numberOPT={Web Server issue},
  year={2006},
  pages={W435--W439}
}

@article{Schnable:2009,
  author = {Schnable, Patrick S. and Ware, Doreen and Fulton, Robert S. and Stein, Joshua C. and Wei, Fusheng and Pasternak, Shiran and Liang, Chengzhi and Zhang, Jianwei and Fulton, Lucinda and Graves, Tina A. and others},
  others = {Minx, Patrick and Reily, Amy Denise and Courtney, Laura and Kruchowski, Scott S. and Tomlinson, Chad and Strong, Cindy and Delehaunty, Kim and Fronick, Catrina and Courtney, Bill and Rock, Susan M. and Belter, Eddie and Du, Feiyu and Kim, Kyung and Abbott, Rachel M. and Cotton, Marc and Levy, Andy and Marchetto, Pamela and Ochoa, Kerri and Jackson, Stephanie M. and Gillam, Barbara and Chen, Weizu and Yan, Le and Higginbotham, Jamey and Cardenas, Marco and Waligorski, Jason and Applebaum, Elizabeth and Phelps, Lindsey and Falcone, Jason and Kanchi, Krishna and Thane, Thynn and Scimone, Adam and Thane, Nay and Henke, Jessica and Wang, Tom and Ruppert, Jessica and Shah, Neha and Rotter, Kelsi and Hodges, Jennifer and Ingenthron, Elizabeth and Cordes, Matt and Kohlberg, Sara and Sgro, Jennifer and Delgado, Brandon and Mead, Kelly and Chinwalla, Asif and Leonard, Shawn and Crouse, Kevin and Collura, Kristi and Kudrna, Dave and Currie, Jennifer and He, Ruifeng and Angelova, Angelina and Rajasekar, Shanmugam and Mueller, Teri and Lomeli, Rene and Scara, Gabriel and Ko, Ara and Delaney, Krista and Wissotski, Marina and Lopez, Georgina and Campos, David and Braidotti, Michele and Ashley, Elizabeth and Golser, Wolfgang and Kim, HyeRan and Lee, Seunghee and Lin, Jinke and Dujmic, Zeljko and Kim, Woojin and Talag, Jayson and Zuccolo, Andrea and Fan, Chuanzhu and Sebastian, Aswathy and Kramer, Melissa and Spiegel, Lori and Nascimento, Lidia and Zutavern, Theresa and Miller, Beth and Ambroise, Claude and Muller, Stephanie and Spooner, Will and Narechania, Apurva and Ren, Liya and Wei, Sharon and Kumari, Sunita and Faga, Ben and Levy, Michael J. and McMahan, Linda and Van Buren, Peter and Vaughn, Matthew W. and Ying, Kai and Yeh, Cheng-Ting and Emrich, Scott J. and Jia, Yi and Kalyanaraman, Ananth and Hsia, An-Ping and Barbazuk, W. Brad and Baucom, Regina S. and Brutnell, Thomas P. and Carpita, Nicholas C. and Chaparro, Cristian and Chia, Jer-Ming and Deragon, Jean-Marc and Estill, James C. and Fu, Yan and Jeddeloh, Jeffrey A. and Han, Yujun and Lee, Hyeran and Li, Pinghua and Lisch, Damon R. and Liu, Sanzhen and Liu, Zhijie and Nagel, Dawn Holligan and McCann, Maureen C. and SanMiguel, Phillip and Myers, Alan M. and Nettleton, Dan and Nguyen, John and Penning, Bryan W. and Ponnala, Lalit and Schneider, Kevin L. and Schwartz, David C. and Sharma, Anupma and Soderlund, Carol and Springer, Nathan M. and Sun, Qi and Wang, Hao and Waterman, Michael and Westerman, Richard and Wolfgruber, Thomas K. and Yang, Lixing and Yu, Yeisoo and Zhang, Lifang and Zhou, Shiguo and Zhu, Qihui and Bennetzen, Jeffrey L. and Dawe, R. Kelly and Jiang, Jiming and Jiang, Ning and Presting, Gernot G. and Wessler, Susan R. and Aluru, Srinivas and Martienssen, Robert A. and Clifton, Sandra W. and McCombie, W. Richard and Wing, Rod A. and Wilson, Richard K.},
  title = {{The B73 Maize Genome: Complexity, Diversity, and Dynamics}},
  journal = {Science},
  volume = {326},
  numberOPT = {5956},
  pages = {1112-1115},
  doi = {10.1126/science.1178534},
  year = {2009},
  URL = {http://www.sciencemag.org/cgi/content/abstract/326/5956/1112},
  eprint = {http://www.sciencemag.org/cgi/reprint/326/5956/1112.pdf}
}

@comment{M-Split}
@article{Wang:2010,
  author={Jian Wang and Josue P\'{e}rrez-Santiago and Jonathan E. Katz and Parag Mallick and Nuno Bandeira},
  title={Peptide identification from mixture tandem mass spectra},
  journal={Mol. Cell. Proteomics},
  volume={9},
  numberOPT={7},
  year={2010},
  monthOPT={Jul},
  pages={1476--1485},
  publisherOPT={American Society for Biochemistry and Molecular Biology}
}

@comment{MS-Deconv}
@article{Liu:2010,
  author={Xiaowen Liu and Yuval Inbar and Pieter C. Dorrestein and Colin Wynne and Nathan Edwards and Puneet Souda and Julian P. Whitelegge and Vineet Bafna and Pavel A. Pevzner},
  title={Deconvolution and database search of complex tandem mass spectra of intact proteins: a combinatorial approach},
  journal={Mol. Cell. Proteomics},
  volume={9},
  numberOPT={12},
  year={2010},
  pages={2772--2782},
  publisherOPT={American Society for Biochemistry and Molecular Biology}
}

@comment{MS-Align+}
@Article{Liu:2011,
author = "Liu, X and Sirotkin, Y and Shen, Y and Anderson, G and Tsai, Y S and Ting, Y S and Goodlett, D R and Smith, R D and Bafna, V and Pevzner, P A",
title = {Protein identification using top-down spectra},
abstract = {In the last two years, due to advances in protein separation and mass spectrometry, top-down mass spectrometry moved from analyzing single proteins to analyzing complex samples and identifying hundreds and even thousands of proteins. However, computational tools for database search of top-down spectra against protein databases are still in infancy. We describe MS-Align+, a fast algorithm for top-down protein identification based on spectral alignment that enables searches for unexpected post-translational modifications (PTMs). We also propose a method for evaluating statistical significance of top-down protein identifications and further benchmark various software tools on two top-down data sets from Saccharomyces cerevisiae (SC) and Salmonella typhimurium (ST). We demonstrate that MS-Align+ significantly increase the numberOPT of identified spectra as compared to MASCOT and OMSSA on both data sets. While MS-Align+ and ProSightPTM have similar performance on the ST data set, MS-Align+ outperforms ProSightPTM on the (more complex) SC data set.},
journal = "Mol Cell Proteomics",
year = "2011",
volume = "(in press)",
pages = ""
}

@comment{MS Software}
@article{Eng:1994,
  author={Jimmy K. Eng and Ashley L. McCormack and John R. Yates III},
  title={An approach to correlate tandem mass spectral data of peptides with amino acid sequences in a protein database},
  journal={J. Am. Soc. Mass Spectrom.	},
  year={1994},
  monthOPT={Nov},
  volume={5},
  numberOPT={11},
  pages={976--989}
}

@Article{Craig:2004,
  author = {Craig, R and Beavis, R C},
  title = {{TANDEM}: matching proteins with tandem mass spectra},
  journal = {Bioinformatics},
  year = {2004},
  volume = {20},
  pages = {1466--1467}
}

@article{Perkins:1999,
  author={David N. Perkins and Darryl J. C. Pappin and David M. Creasy and John S. Cottrell},
  title={Probability-based protein identification by searching sequence databases using mass spectrometry data},
  journal={Electrophoresis},
  year={1999},
  monthOPT={Dec},
  volume={20},
  numberOPT={18},
  pages={3551--3567},
}

@comment{MS platforms}
@incollection{Reinert:2010,
  author = {Knut Reinert and Oliver Kohlbacher},
  title = {OpenMS and TOPP: Open Source Software for LC-MS Data Analysis},
  booktitle = {Proteome Bioinformatics},
  publisher = {Humana Press},
  year = {2010},
  editor = {John M. Walker and Simon J. Hubbard and Andrew R. Jones},
  volume = {604},
  series = {Methods in Molecular Biology},
  pages = {201-211},
  doi = {10.1007/978-1-60761-444-9_14},
}

@article{Deutsch:2010,
  author={Eric W. Deutsch and Luis Mendoza and David Shteynberg and Terry Farrah and Henry Lam and Natalie Tasman and Zhi Sun and Erik Nilsson and Brian Pratt and Bryan Prazen and Jimmy K. Eng and Daniel B. Martin Alexey I. Nesvizhskii Ruedi Aebersold},
  title={A guided tour of the Trans-Proteomic Pipeline},
  journal={Proteomics},
  year={2010},
  mont={Mar},
  volume={10},
  numberOPT={6},
  pages={1150--1159},
  DOI={10.1002/pmic.200900375}
}

@article{Juergen:2008,
  author={J\"{u}rgen Cox and Matthias Mann},
  title={MaxQuant enables high peptide identification rates, individualized p.p.b.-range mass accuracies and proteome-wide protein quantification},
  journal={Nat Biotechnol},
  year={2008},
  volume={26},
  numberOPT={12},
  pages={1367--1372},
  DOI={10.1038/nbt.1511}
}

@article{Goecks:2010,
  author={Goecks, Jeremy and Nekrutenko, Anton and Taylor, James and The Galaxy Team},
  title={{Galaxy}: a comprehensive approach for supporting accessible, reproducible, and transparent computational research in the life sciences},
  journal={Genome Biol.},
  year={2010},
  volume={11},
  numberOPT={8},
  pages={R86},
  URL = {http://genomebiology.com/2010/11/8/R86},
  DOI = {10.1186/gb-2010-11-8-r86},
}

@article{Linke:2011,
  author={Linke, B. and Giegerich, R. and Goesmann, A.},
  title={Conveyor: a workflow engine for bioinformatic analyses},
  journal={Bioinformatics},
  year={2011},
  monthOPT={Apr},
  volume={27},
  numberOPT={7},
  pages={903--911}
}

@comment{WfMS}
@techreport{wfms:1995,
   institution = {Workflow Management Coalition},
   author = {David Hollingsworth},
   title = {{Workflow Management Coalition: The Workflow Reference Model, Issue 1.1}},
   numberOPT = {WFMC-TC00-1003},
   year = {1995},
   monthOPT = {Jan.},
   date = {19},
   type = {Document}
}

@techreport{wfms:1999,
   institution = {Workflow Management Coalition},
   title = {{Workflow Management Coalition: Terminology \& Glossary, Issue 3.0}},
   author = {David Hollingsworth},
   numberOPT = {WFMC-TC00-1011},
   year = {1999},
   monthOPT = {Feb.},
   type = {Document}
}

@article{Gil:2007,
  author={Gil, Yolanda and Deelman, Ewa and Ellisman, Mark and Fahringer, Thomas and Fox, Geoffrey and Gannon, Dennis and Goble, Carole and Livny, Miron and Moreau, Luc and Myers, Jim},
  title={Examining the challenges of scientific workflows},
  journal={Computer},
  year={2007},
  monthOPT={Dec},
  volume={40},
  numberOPT={12},
  pages={24--32}
}

@article{Deelman:2005,
  author={Ewa Deelman and Gurmeet Singh and Mei-Hui Su and James Blythe and Yolanda Gil and Carl Kesselman and Gaurang Mehta and Karan Vahi1 and G. Bruce Berriman and John Good and Anastasia Laity and Joseph C. Jacob and Daniel S. Katz},
  title={Pegasus: A framework for mapping complex scientific workflows onto distributed systems},
  journal={Scientific Programming},
  year={2005},
  volume={13},
  numberOPT={3},
  pages={219--237}
}

@inproceedings{Gil:wings:2007,
  author = {A Gil and Varun Ratnakar and Ewa Deelman and Gaurang Mehta and Jihie Kim},
  title = {Wings for Pegasus: Creating Large-Scale Scientific Representations of Computational Workflows},
  booktitle = {in Proceedings of the 19th Annual Conference on Innovative Applications of Artificial Intelligence (IAAI},
  year = {2007},
  pages = {22--26}
}

@article {Ludaescher:2006,
  author = {Lud\"{a}scher, Bertram and Altintas, Ilkay and Berkley, Chad and Higgins, Dan and Jaeger, Efrat and Jones, Matthew and Lee, Edward A. and Tao, Jing and Zhao, Yang},
  title = {Scientific workflow management and the Kepler system},
  journal = {Concurrency and Computation: Practice and Experience},
  volume = {18},
  numberOPT = {10},
  publisherOPT = {John Wiley & Sons, Ltd.},
  issn = {1532-0634},
  url = {http://dx.doi.org/10.1002/cpe.994},
  doi = {10.1002/cpe.994},
  pages = {1039--1065},
  keywords = {scientific workflows, Grid workflows, scientific data management, problem-solving environments, dataflow networks},
  year = {2006},
}

@article{Eker:2003,
  author = {Johan Eker and Jorn Janneck and Edward A. Lee and Jie Liu and Xiaojun Liu and Jozsef Ludvig and Sonia Sachs and Yuhong Xiong},
  title = {Taming heterogeneity - the Ptolemy approach},
  journal = {Proceedings of the IEEE},
  volume = {91},
  numberOPT = {1},
  pages = {127-144},
  monthOPT = {January},
  year = {2003},
  URL = {http://chess.eecs.berkeley.edu/pubs/488.html}
}

@incollection{Ludaescher:2009,
  author = {Lud\"ascher, Bertram and Altintas, Ilkay and Bowers, Shawn and Cummings, Julian and Critchlow, Terence and Deelman, Ewa and Roure, David De and Freire, Juliana and Goble, Carole and Jones, Matthew and Klasky, Scott and McPhillips, Timothy and Podhorszki, Norbert and Silva, Claudio and Taylor, Ian and Vouk, Mladen},
  biburl = {http://www.bibsonomy.org/bibtex/2764c2f395494f81ff2d6dd772840aea9/ludaesch},
  booktitle = {Scientific Data Management},
  chapter = 13,
  editor = {Shoshani, Arie and Rotem, Doron},
  interhash = {0d62e42f5bac5b08ea6eed5422b58477},
  intrahash = {764c2f395494f81ff2d6dd772840aea9},
  keywords = {dakspub kepler keplerworkflow workflow},
  publisherOPT = {Chapman \& Hall},
  series = {Computational Science Series},
  timestamp = {2009-07-24T19:56:37.000+0200},
  title = {Scientific Process Automation and Workflow Management},
  url = {http://daks.ucdavis.edu/~ludaesch/Paper/ch13-preprint.pdf},
  year = 2009
}

@incollection{Missier:2010,
  author={Paolo Missier and Stian Soiland-Reyes and Stuart Owen and  Wei Tan and Alexandra Nenadic and Ian Dunlop and  Alan Williams and Tom Oinn and Carole Goble},
  title={Taverna, reloaded},
  booktitle={Scientific and Statistical Database Management},
  series={LNCS},
  volume={6187/2010},
  year={2010},
  pages={471--481},
  publisherOPT = {Springer Berlin / Heidelberg},
  DOI={10.1007/978-3-642-13818-8_33}
}

@inproceedings{Juve:2009,
  author={Juve, G. and Deelman, E. and Vahi, K. and Mehta, G. and Berriman, B. and Berman, B.P. and Maechling, P.},
  booktitle={E-Science Workshops, 2009 5th IEEE International Conference on},
  title={Scientific workflow applications on Amazon {EC2}},
  year={2009},
  monthOPT={12},
  pages={59--66},
  keywords={Amazon EC2;HPC system;commercial cloud computing;scientific workflow application;Internet;ubiquitous computing;},
  doi={10.1109/ESCIW.2009.5408002},
}

@comment{SOA}
@article{Schmidt:2005,
  author={Schmidt, M.-T. and Hutchison, B. and Lambros, P. and Phippen, R.},
  journal={IBM Systems Journal}, title={The Enterprise Service Bus: Making service-oriented architecture real},
  year={2005},
  volume={44},
  numberOPT={4},
  pages={781 -797},
  doi={10.1147/sj.444.0781},
  ISSN={0018-8670},
}

@inproceedings{Arrott:2007,
  author = {Matthew Arrott and Barry Demchak and Vina Errnagan and Claudiu Farcas and Emilia Farcas and Ingolf H. Kr\"{u}ger and Massimiliano Menarini},
  title = {Rich Services: The Integration Piece of the SOA Puzzle},
  booktitle ={Proceedings of IEEE International Conference on Web Services (ICWS 2007)},
  year = {2007},
  pages = {176-183},
  doi = {http://doi.ieeecomputersociety.org/10.1109/ICWS.2007.155},
  publisherOPT = {IEEE Computer Society},
  address = {Los Alamitos, CA, USA}
}

@inproceedings{Ermagan:2007,
  author = {Ermagan, Vina and Farcas, Claudiu and Farcas, Emilia and Kr\"{u}ger, Ingolf H. and Menarini, Massimiliano},
  title = {A Service-Oriented Blueprint for COTS Integration: the Hidden Part of the Iceberg},
  booktitle = {Proceedings of the Second International Workshop on Incorporating COTS Software into Software Systems: Tools and Techniques},
  series = {IWICSS '07},
  year = {2007},
  isbn = {0-7695-2966-6},
  pages = {160-165},
  url = {http://dx.doi.org/10.1109/IWICSS.2007.2},
  doi = {http://dx.doi.org/10.1109/IWICSS.2007.2},
  acmid = {1270289},
  publisherOPT = {IEEE Computer Society},
  address = {Washington, DC, USA},
}

@article{Broy:2007,
  author = {Broy, Manfred and Kr\"{u}ger, Ingolf H. and Meisinger, Michael},
  title = {A formal model of services},
  journal = {ACM Trans. Softw. Eng. Methodol.},
  volume = {16},
  year = {2007},
  pages = {article 5},
  articleno = {5},
  url = {http://doi.acm.org/10.1145/1189748.1189753},
  doi = {http://doi.acm.org/10.1145/1189748.1189753},
  acmid = {1189753},
  publisherOPT = {ACM},
  address = {New York, NY, USA},
  keywords = {Components, assumption/commitment specifications, service engineering, services, software architecture},
}

@book{Alonso:2004,
  title={Web Services: Concepts, Architectures and Applications},
  author={Alonso, G. and Casati, F. and Kuno, H. and Machiraju, V.},
  publisherOPT={Springer, Heidelberg},
  year={2004}
}

@techreport{Yahoo:2005,
  title={{RSS} -- Crossing into the Mainstream},
  author={Grossnickle, Joshua and Board, Todd and Pickens, Brian and Bellmont, Mike},
  institution={Yahoo!},
  year={2005},
  monthOPT={Oct},
  type={White Paper},
}

@misc{iGoogle,
  title = {iGoogle},
  howpublished = {\url{http://www.google.com/ig}}
}

@comment{End-User Programming}
@article{McDaid:2009,
 author = {McDaid, Kevin and Rust, Alan},
 title = {Test-Driven Development for Spreadsheet Risk Management},
 journal = {IEEE Softw.},
 volume = {26},
 issue = {5},
 monthOPT = {September},
 year = {2009},
 issn = {0740-7459},
 pages = {31--36},
 numpages = {6},
 url = {http://dl.acm.org/citation.cfm?id=1608570.1608695},
 doi = {10.1109/MS.2009.143},
 acmid = {1608695},
 publisherOPT = {IEEE Computer Society Press},
 address = {Los Alamitos, CA, USA},
 keywords = {end-user software engineering, spreadsheets, office automation, information technology and systems applications, IT and systems, testing and debugging, software engineering},
}

@article{Erwig:2009,
  author = {Erwig, Martin},
  title = {Software Engineering for Spreadsheets},
  journal = {IEEE Softw.},
  volume = {26},
  issue = {5},
  monthOPT = {September},
  year = {2009},
  issn = {0740-7459},
  pages = {25--30},
  numpages = {6},
  url = {http://dl.acm.org/citation.cfm?id=1608570.1608694},
  doi = {10.1109/MS.2009.140},
  acmid = {1608694},
  publisherOPT = {IEEE Computer Society Press},
  address = {Los Alamitos, CA, USA},
  keywords = {spreadsheets, software engineering, type checking, debugging, spatial analysis},
}

@inproceedings{Scaffidi:2005,
  author = {Scaffidi, Christopher and Shaw, Mary and Myers, Brad},
  title = {Estimating the numberOPTs of End Users and End User Programmers},
  booktitle = {Proceedings of the 2005 IEEE Symposium on Visual Languages and Human-Centric Computing},
  year = {2005},
  isbn = {0-7695-2443-5},
  pages = {207--214},
  numpages = {8},
  url = {http://dl.acm.org/citation.cfm?id=1092357.1092394},
  doi = {10.1109/VLHCC.2005.34},
  acmid = {1092394},
  publisherOPT = {IEEE Computer Society},
  address = {Washington, DC, USA},
}

@comment{misc software/hardware tech}
@misc{Ajax,
  author={Jesse James Garrett},
  title={Ajax: A New Approach to Web Applications},
  howpublished= {\url{http://www.adaptivepath.com/ideas/essays/archives/000385.php}},
  year={2005},
  monthOPT={Feb},
}

@inproceedings{Wolfgang:2001,
  author = {Wolfgang Gentzsch},
  title = {Sun Grid Engine: Towards Creating a Compute Power Grid},
  booktitle = {Proceedings of the 1st International Symposium on Cluster Computing and the Grid (CCGRID '01)},
  year = {2001},
  pages = {35},
  publisherOPT = {IEEE Computer Society},
  address = {Washington, DC, USA},
}

@misc{Convey,
  author = {Convey Corporation},
  title = {CONVEY computer},
  howpublished = {\url{http://www.conveycomputer.com/}}
}

@comment{misc bioinfo software}
@article{Kappler:2008,
  author={M. A. Kappler},
  title={Software for rapid prototyping in the pharmaceutical and biotechnology industries.},
  journal={Curr Opin Drug Discov Devel.},
  year={2008},
  monthOPT={May},
  volume={11},
  numberOPT={3},
  pages={389--392},
}

@incollection {Reisinger:2008,
  author = {Reisinger, Florian and Corpas, Manuel and Hancock, John and Hermjakob, Henning and Birney, Ewan and Kahlem, Pascal},
  affiliation = {EMBL -European Bioinformatics Institute, Wellcome Trust Genome Campus, Hinxton Cambridge CB10 1SD United Kingdom},
  title = {ENFIN - An Integrative Structure for Systems Biology},
  booktitle = {Data Integration in the Life Sciences},
  series = {Lecture Notes in Computer Science},
  editor = {Bairoch, Amos and Cohen-Boulakia, Sarah and Froidevaux, Christine},
  publisherOPT = {Springer Berlin / Heidelberg},
  isbn = {978-3-540-69827-2},
  keyword = {Computer Science},
  pages = {132--143},
  volume = {5109},
  year = {2008}
}

@article{Romano:2007,
  author = {Romano, Paolo and Bartocci, Ezio and Bertolini, Guglielmo and De Paoli, Flavio and Marra, Domenico and Mauri, Giancarlo and Merelli, Emanuela and Milanesi, Luciano},
  title = {Biowep: a workflow enactment portal for bioinformatics applications},
  journal = {BMC Bioinformatics},
  volume = {8},
  year = {2007},
  numberOPT = {Suppl 1},
  pages = {S19},
  url = {http://www.biomedcentral.com/1471-2105/8/S1/S19},
  doi = {10.1186/1471-2105-8-S1-S19},
  PubMedID = {17430563},
  issn = {1471--2105},
}

@article{Jocker:2008,
  author = {J\"{o}cker, Anika and Hoffmann, Fabian and Groscurth, Andreas and Schoof, Heiko},
  title = {Protein function prediction and annotation in an integrated environment powered by web services ({AFAWE})},
  volume = {24},
  numberOPT = {20},
  pages = {2393--2394},
  year = {2008},
  doi = {10.1093/bioinformatics/btn394},
  URL = {http://bioinformatics.oxfordjournals.org/content/24/20/2393.abstract},
  eprint = {http://bioinformatics.oxfordjournals.org/content/24/20/2393.full.pdf+html},
  journal = {Bioinformatics}
}

@article{Stevens:2004,
  author = {Stevens, R. D. and Tipney, H. J. and Wroe, C. J. and Oinn, T. M. and Senger, M. and Lord, P. W. and Goble, C. A. and Brass, A. and Tassabehji, M.},
  title = {Exploring Williams-Beuren syndrome using {myGrid}},
  volume = {20},
  numberOPT = {suppl 1},
  pages = {i303-i310},
  year = {2004},
  doi = {10.1093/bioinformatics/bth944},
  URL = {http://bioinformatics.oxfordjournals.org/content/20/suppl_1/i303.abstract},
  eprint = {http://bioinformatics.oxfordjournals.org/content/20/suppl_1/i303.full.pdf+html},
  journal = {Bioinformatics}
}

@article{Li:2008a,
  author = {Li, Peter and Castrillo, Juan and Velarde, Giles and Wassink, Ingo and Soiland-Reyes, Stian and Owen, Stuart and Withers, David and Oinn, Tom and Pocock, Matthew and Goble, Carole and Oliver, Stephen and Kell, Douglas},
  title = {Performing statistical analyses on quantitative data in Taverna workflows: An example using R and maxdBrowse to identify differentially-expressed genes from microarray data},
  journal = {BMC Bioinformatics},
  volume = {9},
  year = {2008},
  numberOPT = {1},
  pages = {334},
  URL = {http://www.biomedcentral.com/1471-2105/9/334},
  DOI = {10.1186/1471-2105-9-334},
  PubMedID = {18687127},
  ISSN = {1471-2105},
}


@article{WangY:2011,
  title={{RseqFlow}: workflows for RNA-Seq data analysis},
  author = {Wang, Y. and Mehta, G. and Mayani, R. and Lu, J. and Souaiaia, T. and Chen, Y. and Clark, A. and Yoon, H. J. and Wan, L. and Evgrafov, O. V. and Knowles, J. A. and Deelman, E. and Chen, T.},
  journal = {Bioinformatics},
  year = {2011},
  monthOPT = {9},
  volume = {27},
  numberOPT = {18},
  pages = {2598--2600},
}


@article{Li:2008b,
  author = {Li, Peter and Oinn, Tom and Soiland, Stian and Kell, Douglas B.},
  title = {Automated manipulation of systems biology models using libSBML within Taverna workflows},
  volume = {24},
  numberOPT = {2},
  pages = {287--289},
  year = {2008},
  doi = {10.1093/bioinformatics/btm578},
  URL = {http://bioinformatics.oxfordjournals.org/content/24/2/287.abstract},
  eprint = {http://bioinformatics.oxfordjournals.org/content/24/2/287.full.pdf+html},
  journal = {Bioinformatics}
}
